@article{zhu_1996_region,
  title={Region competition: Unifying snakes, region growing, and Bayes/MDL for multiband image segmentation},
  author={Zhu, Song Chun and Yuille, Alan},
  journal={Pattern Analysis and Machine Intelligence, IEEE Transactions on},
  volume={18},
  number={9},
  pages={884--900},
  year={1996},
  publisher={IEEE}
}

@book{deza1997geometry,
  title={Geometry of cuts and metrics},
  author={Deza, Michel Marie and Laurent, Monique},
  volume={15},
  year={1997},
  publisher={Springer}
}

@article{appel_1977_4color,
  title={Every planar map is four colorable},
  author={Appel, Kenneth and Haken, Wolfgang},
  journal={Illinois J. of Mathematics},
  volume={21},
  number={3},
  pages={429--490},
  year={1977},
  publisher={University of Illinois at Urbana-Champaign, Department of Mathematics}
}

@article{andres_2012_opengm_arxiv,
  author    = {Bj{\"o}rn Andres and
               Thorsten Beier and
               J{\"o}rg H. Kappes},
  title     = {{OpenGM}: A {C++} Library for {D}iscrete {G}raphical {M}odels},
  journal   = {CoRR},
  volume    = {abs/1206.0111},
  year      = {2012},
  ee        = {http://arxiv.org/abs/1206.0111},
  bibsource = {DBLP, http://dblp.uni-trier.de}
}

@incollection{meila_2003_ltkm,
  title={Comparing clusterings by the variation of information},
  author={Meil{\u{a}}, Marina},
  booktitle={Learning theory and kernel machines},
  pages={173--187},
  year={2003},
  publisher={Springer}
}

@article{kolmogorov_2004_pami,
  title={What energy functions can be minimized via graph cuts?},
  author={Kolmogorov, Vladimir and Zabih, Ramin},
  journal={Pattern Analysis and Machine Intelligence},
  volume={26},
  number={2},
  pages={147--159},
  year={2004},
  publisher={IEEE}
}

@incollection{andres_2012_eccv_lazy,
  title={The lazy flipper: Efficient depth-limited exhaustive search in discrete graphical models},
  author={Andres, Bjoern and Kappes, J{\"o}rg H and Beier, Thorsten and K{\"o}the, Ullrich and Hamprecht, Fred A},
  booktitle={ECCV},
  pages={154--166},
  year={2012},
  publisher={Springer}
}

@inproceedings{finley_2005_ml,
    title={Supervised clustering with support vector machines},
    author={Finley, Thomas and Joachims, Thorsten},
    booktitle={ICML},
    pages={217--224},
    year={2005},
    organization={ACM}
}

@article{bansal_2004_ml,
    title={Correlation clustering},
    author={Bansal, Nikhil and Blum, Avrim and Chawla, Shuchi},
    journal={Machine Learning},
    volume={56},
    number={1-3},
    pages={89--113},
    year={2004},
    publisher={Springer}
}

@article{chopra_1993_mp,
    year={1993},
    issn={0025-5610},
    journal={Mathematical Programming},
    volume={59},
    number={1-3},
    doi={10.1007/BF01581239},
    title={The partition problem},
    url={http://dx.doi.org/10.1007/BF01581239},
    publisher={Springer-Verlag},
    keywords={Graph partition; multiway cut; polytope; facet},
    author={Chopra, Sunil and Rao, M.R.},
    pages={87-115},
    language={English}
}

@inproceedings{rother_2007_cvpr,
    title={Optimizing binary {MRF}s via extended roof duality},
    author={Rother, Carsten and Kolmogorov, Vladimir and Lempitsky, Victor and Szummer, Martin},
    booktitle={CVPR},
    year={2007},
}

#TODO: check me
@inproceedings{schraudolph_2009_nips,
  title={Efficient exact inference in planar Ising models},
  author={Schraudolph, Nicol N and Kamenetsky, Dmitry},
  booktitle={NIPS},
  year={2009}
}

@inproceedings{kappes_2011_emmcvpr,
    title={Globally optimal image partitioning by multicuts},
    author={Kappes, J{\"o}rg Hendrik and Speth, Markus and Andres, Bj{\"o}rn and Reinelt, Gerhard and Schn{\"o}rr, Christoph},
    booktitle={EMMCVPR},
    pages={31--44},
    year={2011},
    organization={Springer}
}

@inproceedings{andres_2011_iccv,
    title={Probabilistic image segmentation with closedness constraints},
    author={Andres, Bjoern and Kappes, J{\"o}rg H and Beier, Thorsten and K{\"o}the, Ullrich and Hamprecht, Fred A},
    booktitle={ICCV},
    pages={2611--2618},
    year={2011},
    organization={IEEE}
}

@inproceedings{kroeger_2013_miccai,
    year = { 2013 }, 
    author = { T. Kr{\"o}ger and  S. Mikula and  W. Denk and  U. K{\"o}the and  F. A. Hamprecht }, 
    title = { {Learning to Segment Neurons with Non-local Quality Measures} }, 
    booktitle = { MICCAI 2013. Proceedings, in press }, 
    timestamp = { 2013.05.24 }, 
    cite = { kroeger_13_learning  } 
}

@article{kappes_2013_arxiv,
    author    = {J{\"o}rg Hendrik Kappes and
                Markus Speth and
                Gerhard Reinelt and
                Christoph Schn{\"o}rr},
    title     = {Higher-order Segmentation via Multicuts},
    journal   = {CoRR},
    volume    = {abs/1305.6387},
    year      = {2013},
    ee        = {http://arxiv.org/abs/1305.6387},
    bibsource = {DBLP, http://dblp.uni-trier.de}
}

@incollection{kroeger_2012_eccv,
    title={Globally optimal closed-surface segmentation for connectomics},
    author={Andres, Bjoern and Kroeger, Thorben and Briggman, Kevin L and Denk, Winfried and Korogod, Natalya and Knott, Graham and Koethe, Ullrich and Hamprecht, Fred A},
    booktitle={ECCV},
    pages={778--791},
    year={2012},
    publisher={Springer}
}

@inproceedings{kappes_2013_benchmark_cvpr,
    title={A comparative study of modern inference techniques for discrete energy minimization problems},
    author={Kappes, J{\"o}rg H and Andres, Bjoern and Hamprecht, Fred A and Schn{\"o}rr, Christoph and Nowozin, Sebastian and Batra, Dhruv and Kim, Sungwoong and Kausler, Bernhard X and Lellmann, Jan and Komodakis, Nikos and others},
    booktitle={CVPR},
    year={2013}
}

@inproceedings{alush_2013_simbad,
    title={Break and Conquer: Efficient Correlation Clustering for Image Segmentation},
    author={Alush, Amir and Goldberger, Jacob},
    booktitle={2nd International Workshop on Similarity-Based Pattern Analysis and Recognition},
    year={2013}
}

@incollection{yarkony_2012_eccv,
    title={Fast planar correlation clustering for image segmentation},
    author={Yarkony, Julian and Ihler, Alexander and Fowlkes, Charless C},
    booktitle={ECCV},
    publisher={Springer},
    year={2012},
}

@inproceedings{kim_2011_nips,
    title={Higher-order correlation clustering for image segmentation},
    author={Kim, Sungwoong and Nowozin, Sebastian and Kohli, Pushmeet and Yoo, Chang D},
    booktitle={NIPS},
    year={2011}
}

@article{zhao_2005_mp,
    title={Greedy splitting algorithms for approximating multiway partition problems},
    author={Zhao, Liang and Nagamochi, Hiroshi and Ibaraki, Toshihide},
    journal={Mathematical Programming},
    volume={102},
    number={1},
    pages={167--183},
    year={2005},
    publisher={Springer}
}

@article{kim_2012_ip,
  title={Task-Specific Image Partitioning},
  author={Kim, Sungwoong and Nowozin, Sebastian and Kohli, Pushmeet and Yoo, Chang D},
  journal={Transactions on Image Processing},
  volume={22},
  number={1-2},
  pages={488--500},
  year={2013},
  publisher={IEEE}
}

@article{kerninghan_1970_bell,
    author = {Kernighan, B. W. and Lin, S.},
    citeulike-article-id = {883684},
    journal = {The {B}ell system technical journal},
    keywords = {spectral},
    number = {1},
    pages = {291--307},
    posted-at = {2006-10-04 14:32:42},
    priority = {2},
    title = {{An Efficient Heuristic Procedure for Partitioning Graphs}},
    volume = {49},
    year = {1970}
}

@article{alush_2012_pami,
    title={Ensemble segmentation using efficient integer linear programming},
    author={Alush, Amir and Goldberger, Jacob},
    journal={Pattern Analysis and Machine Intelligence},
    volume={34},
    number={10},
    pages={1966--1977},
    year={2012},
    publisher={IEEE}
}

@article{bagon_2011_arxiv,
  author    = {Shai Bagon and
               Meirav Galun},
  title     = {Large Scale Correlation Clustering Optimization},
  journal   = {CoRR},
  volume    = {abs/1112.2903},
  year      = {2011},
  ee        = {http://arxiv.org/abs/1112.2903},
  bibsource = {DBLP, http://dblp.uni-trier.de}
}


@article{lempitsky_2010_pami,
  author = "Victor Lempitsky and Carsten Rother and Stefan Roth and Andrew Blake",
  title = "{Fusion Moves for Markov Random Field Optimization}",
  journal = {Pattern Analysis and Machine Intelligence},
  number = "8",
  pages = "1392â€“1405",
  publisher = "IEEE Computer Society",

  volume = "32",
  year = "2010"
}

